<collection xmlns="http://www.loc.gov/MARC21/slim">
<record>
  <leader>01231nam0a22002171i 450 </leader>
  <controlfield tag="001">IT\ICCU\CNCE\070002</controlfield>
  <controlfield tag="005">20111214000000.0</controlfield>
  <datafield tag="012" ind1=" " ind2=" ">
    <subfield code="a">g-ta S.ge gee: Trin (C) 1511 (R)</subfield>
    <subfield code="2">fei</subfield>
  </datafield>
  <datafield tag="100" ind1=" " ind2=" ">
    <subfield code="a">20070321d1511        0itac0103    ba</subfield>
  </datafield>
  <datafield tag="101" ind1=" " ind2=" ">
    <subfield code="a">ITA</subfield>
  </datafield>
  <datafield tag="102" ind1=" " ind2=" ">
    <subfield code="a">IT</subfield>
  </datafield>
  <datafield tag="200" ind1="1" ind2=" ">
    <subfield code="a">Tauola di cio che si contiene in questo libretto ... Canzone bellissime in laude della assumptio de la Vergine Maria. Canzona della unione. Terzina ornatissima in laude della Vergine Maria. Sonetto in laude della sacra Trinita. Sonetto in laude della Annuntiata, &amp; del angelo Ghabriollo</subfield>
  </datafield>
  <datafield tag="210" ind1=" " ind2=" ">
    <subfield code="e">Impresso in Siena</subfield>
    <subfield code="g">per Simione di Niccolo &amp; Giouanni di Alixandro cartai da Siena</subfield>
    <subfield code="h">adi XIII di ottobre anno 1511</subfield>
  </datafield>
  <datafield tag="215" ind1=" " ind2=" ">
    <subfield code="a">\8! c.</subfield>
    <subfield code="d">8ʻ</subfield>
  </datafield>
  <datafield tag="10" ind1="I" ind2="T">
    <subfield code="I">CCU\CNCE\075241</subfield>
    <subfield code="1">2001 </subfield>
    <subfield code="a">Canzone bellissime in laude della assumptio de la Vergine Maria</subfield>
  </datafield>
  <datafield tag="620" ind1=" " ind2=" ">
    <subfield code="a">IT</subfield>
    <subfield code="d">Siena</subfield>
  </datafield>
  <datafield tag="712" ind1="0" ind2="0">
    <subfield code="a">Nardi, Simone &amp; Landi, Giovanni</subfield>
    <subfield code="3">IT\ICCU\CNCT\001197</subfield>
    <subfield code="4">650</subfield>
  </datafield>
  <datafield tag="791" ind1="0" ind2="2">
    <subfield code="a">Simione di Niccolo &amp; Giovanni di Alixandro</subfield>
    <subfield code="3">IT\ICCU\CNCT\002408</subfield>
    <subfield code="z">Nardi, Simone &amp; Landi, Giovanni</subfield>
  </datafield>
  <datafield tag="791" ind1="0" ind2="2">
    <subfield code="a">Symeone di Nicolo &amp; Giovanni di Alexandro</subfield>
    <subfield code="3">IT\ICCU\CNCT\002409</subfield>
    <subfield code="z">Nardi, Simone &amp; Landi, Giovanni</subfield>
  </datafield>
  <datafield tag="801" ind1=" " ind2="3">
    <subfield code="a">IT</subfield>
    <subfield code="b">ICCU</subfield>
    <subfield code="c">20201115</subfield>
  </datafield>
  <datafield tag="899" ind1=" " ind2=" ">
    <subfield code="a">Biblioteca comunale degli Intronati. Siena</subfield>
    <subfield code="1">SI0046</subfield>
    <subfield code="2">RT1 QI</subfield>
  </datafield>
</record>
</collection>
